%% This BibTeX bibliography file was created using BibDesk.
%% http://bibdesk.sourceforge.net/


%% Created for Enrique Noriega at 2016-05-01 14:03:16 -0700 


%% Saved with string encoding Unicode (UTF-8) 



@webpage{lucene,
	Date-Added = {2016-05-01 21:03:05 +0000},
	Date-Modified = {2016-05-01 21:03:12 +0000},
	Url = {https://lucene.apache.org}}

@webpage{svmrank,
	Date-Added = {2016-05-01 20:58:01 +0000},
	Date-Modified = {2016-05-01 20:58:31 +0000},
	Url = {https://www.cs.cornell.edu/people/tj/svm_light/svm_rank.html}}
